<?xml version="1.0" encoding="UTF-8"?><collection xmlns="http://www.loc.gov/MARC21/slim"><record><leader>00587nam--2200181-i-4500</leader><controlfield tag="001">000009875</controlfield><controlfield tag="002">20161230</controlfield><controlfield tag="005">20161230201028</controlfield><controlfield tag="008">060222s1000------------r-----000-0-fre-d</controlfield><datafield ind1=" " ind2=" " tag="040"><subfield code="a">IFIN-HH</subfield></datafield><datafield ind1=" " ind2=" " tag="041"><subfield code="a">fre</subfield></datafield><datafield ind1=" " ind2=" " tag="080"><subfield code="a">539.171.02</subfield></datafield><datafield ind1="1" ind2=" " tag="100"><subfield code="a">Borgeaud, Pierre A</subfield></datafield><datafield ind1="1" ind2="0" tag="245"><subfield code="a">Mesure et analyse des sections efficaces differentielles de production du meson eta dans la reaction pi p - eta n a 2,9; 3,7; 5,9; 9,8; 18,2 gev/c</subfield><subfield code="b">These</subfield><subfield code="c">Pierre a. borgeaud</subfield></datafield><datafield ind1=" " ind2=" " tag="260"><subfield code="a">Orsay</subfield><subfield code="b">La Faculte Des Sciences</subfield><subfield code="c">1970</subfield></datafield><datafield ind1=" " ind2=" " tag="300"><subfield code="a">83 P</subfield></datafield><datafield ind1=" " ind2=" " tag="852"><subfield code="a">35816</subfield><subfield code="c">539.17</subfield></datafield><datafield ind1=" " ind2=" " tag="CAT"><subfield code="a">Sys</subfield><subfield code="c">20120607</subfield><subfield code="h">154324</subfield></datafield></record></collection>